@misc{smartphone_growth,
    title     = "Worldwide Smartphone Usage to Grow 25\% in 2014",
    howpublished = "Retrieved Sept 2, 2014, from http://www.emarketer.com/Article/Worldwide-Smartphone-Usage-Grow-25-2014/1010920",
    
  
}

@inproceedings{jekyll,
 author = {Wang, Tielei and Lu, Kangjie and Lu, Long and Chung, Simon and Lee, Wenke},
 title = {Jekyll on iOS: When Benign Apps Become Evil},
 booktitle = {Proceedings of the 22Nd USENIX Conference on Security},
 series = {SEC'13},
 year = {2013},
 isbn = {978-1-931971-03-4},
 location = {Washington, D.C.},
 pages = {559--572},
 numpages = {14},
 acmid = {2534814},
 publisher = {USENIX Association},
 address = {Berkeley, CA, USA},
} 

@inproceedings{PIR-kNN,
    author = {Stavros Papadopoulos and Spiridon Bakiras and Dimitris Papadias},
    title = {Nearest Neighbor Search with Strong Location Privacy },
    booktitle = {Proceedings of the 36th International Conference on Very Large Data Bases},
    series = {VLDB 2010},
    year = {2010},
}

@article{Spiral,
 author = {Khoshgozaran, Ali and Shahabi, Cyrus and Shirani-Mehr, Houtan},
 title = {Location Privacy: Going Beyond K-anonymity, Cloaking and Anonymizers},
 journal = {Knowl. Inf. Syst.},
 issue_date = {March 2011},
 volume = {26},
 number = {3},
 month = mar,
 year = {2011},
 issn = {0219-1377},
 pages = {435--465},
 numpages = {31},
 keywords = {Location-based services, Private information retrieval, Spatial databases},
} 

@inproceedings{Secure_Coprocessor,
 author = {Asonov, Dmitri and Freytag, Johann-Christoph},
 title = {Almost Optimal Private Information Retrieval},
 booktitle = {Proceedings of the 2Nd International Conference on Privacy Enhancing Technologies},
 series = {PET'02},
 year = {2003},
 isbn = {3-540-00565-X},
 location = {San Francisco, CA, USA},
 pages = {209--223},
 numpages = {15},
} 

@inproceedings{No_Need_Anonymizer,
 author = {Ghinita, Gabriel and Kalnis, Panos and Khoshgozaran, Ali and Shahabi, Cyrus and Tan, Kian-Lee},
 title = {Private Queries in Location Based Services: Anonymizers Are Not Necessary},
 booktitle = {Proceedings of the 2008 ACM SIGMOD International Conference on Management of Data},
 series = {SIGMOD '08},
 year = {2008},
 isbn = {978-1-60558-102-6},
 location = {Vancouver, Canada},
 pages = {121--132},
 numpages = {12},
} 

@inproceedings{DP_Spaial_Decomposition,
 author = {Cormode, Graham and Procopiuc, Cecilia and Srivastava, Divesh and Shen, Entong and Yu, Ting},
 title = {Differentially Private Spatial Decompositions},
 booktitle = {Proceedings of the 2012 IEEE 28th International Conference on Data Engineering},
 series = {ICDE '12},
 year = {2012},
 isbn = {978-0-7695-4747-3},
 pages = {20--31},
 numpages = {12},
 } 


@inproceedings{k-anonymity1,
 author = {Gruteser, Marco and Grunwald, Dirk},
 title = {Anonymous Usage of Location-Based Services Through Spatial and Temporal Cloaking},
 booktitle = {Proceedings of the 1st International Conference on Mobile Systems, Applications and Services},
 series = {MobiSys '03},
 year = {2003},
 location = {San Francisco, California},
 pages = {31--42},
 numpages = {12},


} 
@inproceedings{New_Casper,
 author = {Mokbel, Mohamed F. and Chow, Chi-Yin and Aref, Walid G.},
 title = {The New Casper: Query Processing for Location Services Without Compromising Privacy},
 booktitle = {Proceedings of the 32Nd International Conference on Very Large Data Bases},
 series = {VLDB '06},
 year = {2006},
 location = {Seoul, Korea},
 pages = {763--774},
 numpages = {12},

} 
@ARTICLE{k-anonymity2, 
author={Kalnis, P. and Ghinita, G. and Mouratidis, K. and Papadias, D.}, 
journal={Knowledge and Data Engineering, IEEE Transactions on}, 
title={Preventing Location-Based Identity Inference in Anonymous Spatial Queries}, 
year={2007}, 
month={Dec}, 
volume={19}, 
number={12}, 
pages={1719-1733}, 
keywords={cryptography;data privacy;mobile computing;mobility management (mobile radio);query processing;telecommunication security;visual databases;K-anonymous spatial query transformation;data confidentiality;data encryption;data privacy;location-based identity inference;location-based services;mobile device positioning capability;nearest neighbor search;secure communication channel;user identity protection;Mobile Applications;Security and Privacy Protection;Spatial databases}, 
doi={10.1109/TKDE.2007.190662}, 
ISSN={1041-4347},}


@inproceedings{Space_Transformation,
 author = {Khoshgozaran, Ali and Shahabi, Cyrus},
 title = {Blind Evaluation of Nearest Neighbor Queries Using Space Transformation to Preserve Location Privacy},
 booktitle = {Proceedings of the 10th International Conference on Advances in Spatial and Temporal Databases},
 series = {SSTD'07},
 year = {2007},
 isbn = {978-3-540-73539-7},
 location = {Boston, MA, USA},
 pages = {239--257},
 numpages = {19},
 

} 

@article{Lee:2007,
 author = {Lee, SangYoon and Park, Sanghyun and Kim, Woo-Cheol and Lee, Dongwon},
 title = {An Efficient Location Encoding Method for Moving Objects Using Hierarchical Administrative District and Road Network},
 journal = {Inf. Sci.},
 issue_date = {February, 2007},
 volume = {177},
 number = {3},
 month = feb,
 year = {2007},
 issn = {0020-0255},
 pages = {832--843},
 numpages = {12},
 
} 

@article{Yiu:2010,
 author = {Yiu, Man Lung and Ghinita, Gabriel and Jensen, Christian S. and Kalnis, Panos},
 title = {Enabling Search Services on Outsourced Private Spatial Data},
 journal = {The VLDB Journal},
 issue_date = {June      2010},
 volume = {19},
 number = {3},
 month = jun,
 year = {2010},
 issn = {1066-8888},
 pages = {363--384},
 numpages = {22},
 
} 



@inproceedings{Juels,
 author = {Juels, Ari},
 title = {Targeted Advertising ... And Privacy Too},
 booktitle = {Proceedings of the 2001 Conference on Topics in Cryptology: The Cryptographer's Track at RSA},
 series = {CT-RSA 2001},
 year = {2001},
 isbn = {3-540-41898-9},
 pages = {408--424},
 numpages = {17},
}

@TechReport {MoRePriv,
author       = {Drew Davidson and Benjamin Livshits},
month        = {May},
publisher    = {Microsoft Research},
title        = {MoRePriv: Mobile OS Support for Application Personalization and Privacy},
year         = {2012},
}

@TechReport {PAPMA1,
author       = {Michaela Goetz and Suman Nath},
month        = {August},
number       = {MSR-TR-2011-92},
publisher    = {Microsoft Research},
title        = {Privacy-Aware Personalization for Mobile Advertising},
year         = {2011},
}

@inproceedings{PAPMA2,
 author = {Hardt, Michaela and Nath, Suman},
 title = {Privacy-aware Personalization for Mobile Advertising},
 booktitle = {Proceedings of the 2012 ACM Conference on Computer and Communications Security},
 series = {CCS '12},
 year = {2012},
 isbn = {978-1-4503-1651-4},
 pages = {662--673},
 numpages = {12},

} 


@inproceedings{Privad,
 author = {Guha, Saikat and Cheng, Bin and Francis, Paul},
 title = {Privad: Practical Privacy in Online Advertising},
 booktitle = {Proceedings of the 8th USENIX Conference on Networked Systems Design and Implementation},
 series = {NSDI'11},
 year = {2011},
 location = {Boston, MA},
 pages = {169--182},

} 

@MISC{REPRIV,
    author = {Matthew Fredrikson and Benjamin Livshits},
    title = {REPRIV: Re-Envisioning In-Browser Privacy},
    year = {}
}
 


@INPROCEEDINGS{MobiAd,
    author = {Hamed Haddadi and Pan Hui and Ian Brown},
    title = {MobiAd: Private and Scalable Mobile Advertising},
    booktitle = {in The 5th ACM International Workshop on Mobility in the Evolving Internet Architecture (MobiArch2010},
    year = {2010}
}

@MISC{SmartAds,
    author = {Suman Nath and Felix Xiaozhu Lin and Jitendra Padhye and Lenin Ravindranath},
    title = {SmartAds: Bringing Contextual Ads to Mobile Apps},
    year = {}
}

@MISC{adnostic,
    author = {Vincent Toubiana and Helen Nissenbaum and Arvind Narayanan and Solon Barocas and Dan Boneh},
    title = {Adnostic: Privacy Preserving Targeted Advertising},
    year = {2010}
}

@inproceedings{PIR2011,
 author = {Olumofin, Femi and Goldberg, Ian},
 title = {Revisiting the Computational Practicality of Private Information Retrieval},
 booktitle = {Proceedings of the 15th International Conference on Financial Cryptography and Data Security},
 series = {FC'11},
 year = {2012},
 isbn = {978-3-642-27575-3},
 location = {Gros Islet, St. Lucia},
 pages = {158--172},
 numpages = {15},

} 

@inproceedings{PIR2010,
 author = {Trostle, Jonathan and Parrish, Andy},
 title = {Efficient Computationally Private Information Retrieval from Anonymity or Trapdoor Groups},
 booktitle = {Proceedings of the 13th International Conference on Information Security},
 series = {ISC'10},
 year = {2011},
 isbn = {978-3-642-18177-1},
 location = {Boca Raton, FL, USA},
 pages = {114--128},
 numpages = {15},
 
} 

@inproceedings{SC_PIR,
 author = {Wang, Peishun and Wang, Huaxiong and Pieprzyk, Josef},
 title = {Secure Coprocessor-based Private Information Retrieval Without Periodical Preprocessing},
 booktitle = {Proceedings of the Eighth Australasian Conference on Information Security - Volume 105},
 series = {AISC '10},
 year = {2010},
 isbn = {978-1-920682-86-6},
 location = {Brisbane, Australia},
 pages = {5--11},
 numpages = {7},
 
} 

@inproceedings{PIR_SC_betterShuffling_2008,
 author = {Yang, Yanjiang and Ding, Xuhua and Deng, Robert H. and Bao, Feng},
 title = {An Efficient PIR Construction Using Trusted Hardware},
 booktitle = {Proceedings of the 11th International Conference on Information Security},
 series = {ISC '08},
 year = {2008},
 isbn = {978-3-540-85884-3},
 location = {Taipei, Taiwan},
 pages = {64--79},
 numpages = {16},
 
} 

@ARTICLE{ORAM,
    author = {Oded Goldreich and Rafail Ostrovsky},
    title = {Software Protection and Simulation on Oblivious RAMs},
    journal = {Journal of the ACM},
    year = {1996},
    volume = {43},
    pages = {431--473}
}

@ARTICLE{PIR_SC_betterShuffling, 
author={Xuhua Ding and Yanjiang Yang and Deng, R.}, 
journal={Information Forensics and Security, IEEE Transactions on}, 
title={Database Access Pattern Protection Without Full-Shuffles}, 
year={2011}, 
month={March}, 
volume={6}, 
number={1}, 
pages={189-201}, 
keywords={computational complexity;data privacy;database management systems;query processing;security of data;PIR scheme;computational complexity;database access pattern generation;database access pattern protection;database outsourcing;online computation cost;privacy protection;private information retrieval;query execution;secure storage;Database;data privacy;information security}, 
doi={10.1109/TIFS.2010.2101062}, 
ISSN={1556-6013},}

@inproceedings{PIR_SC_2006,
 author = {Wang, Shuhong and Ding, Xuhua and Deng, Robert H. and Bao, Feng},
 title = {Private Information Retrieval Using Trusted Hardware},
 booktitle = {Proceedings of the 11th European Conference on Research in Computer Security},
 series = {ESORICS'06},
 year = {2006},
 isbn = {3-540-44601-X, 978-3-540-44601-9},
 location = {Hamburg, Germany},
 pages = {49--64},
 numpages = {16},
 
} 

@INPROCEEDINGS{PIR_SC_2004,
    author = {Alexander Iliev and Sean Smith},
    title = {Private information storage with logarithmic-space secure hardware},
    booktitle = {In I-NetSec 04: 3rd Working Conference on Privacy and Anonymity in Networked and Distributed Systems},
    year = {2004},
    pages = {201--216},
    publisher = {IFIP, Kluwer}
}
@article{PIR_SC_Origin,
 author = {Smith, S. W. and Safford, D.},
 title = {Practical Server Privacy with Secure Coprocessors},
 journal = {IBM Syst. J.},
 issue_date = {March 2001},
 volume = {40},
 number = {3},
 month = mar,
 year = {2001},
 issn = {0018-8670},
 pages = {683--695},
 numpages = {13},
 
} 


@inproceedings{PIR_SC_2002,
 author = {Asonov, Dmitri and Freytag, Johann-Christoph},
 title = {Almost Optimal Private Information Retrieval},
 booktitle = {Proceedings of the 2Nd International Conference on Privacy Enhancing Technologies},
 series = {PET'02},
 year = {2003},
 isbn = {3-540-00565-X},
 location = {San Francisco, CA, USA},
 pages = {209--223},
 numpages = {15},
 
} 

@inproceedings{computational_PIR,
 author = {Kushilevitz, E. and Ostrovsky, R.},
 title = {Replication is Not Needed: Single Database, Computationally-private Information Retrieval},
 booktitle = {Proceedings of the 38th Annual Symposium on Foundations of Computer Science},
 series = {FOCS '97},
 year = {1997},
 isbn = {0-8186-8197-7},
 pages = {364--},
 
} 
@article{hibert_curve,
    author = {Hilbert, David},
    journal = {Mathematische Annalen},
    keywords = {sfc},
    number = {3},
    pages = {459--460},
    title = {{Ueber die stetige Abbildung einer Line auf ein Fl\"{a}chenst\"{u}ck}},
    year = {1891}
}


@INPROCEEDINGS{PIR2007,
    author = {Radu Sion},
    title = {On the Computational Practicality of Private Information Retrieval},
    booktitle = {In Proceedings of the Network and Distributed Systems Security Symposium, 2007. Stony Brook Network Security and Applied Cryptography Lab Tech Report},
    year = {2007}
}

@INPROCEEDINGS{PIR1999,
    author = {Christian Cachin and Silvio Micali and Markus Stadler},
    title = {Computationally Private Information Retrieval with Polylogarithmic Communication},
    booktitle = {},
    year = {1999},
    pages = {402--414},
    publisher = {Springer}
}

@inproceedings{DTN,
 author = {Fall, Kevin},
 title = {A Delay-tolerant Network Architecture for Challenged Internets},
 booktitle = {Proceedings of the 2003 Conference on Applications, Technologies, Architectures, and Protocols for Computer Communications},
 series = {SIGCOMM '03},
 year = {2003},
 isbn = {1-58113-735-4},
 location = {Karlsruhe, Germany},
 pages = {27--34},
 numpages = {8},
 } 

@inproceedings{secure_NN,
 author = {Wong, Wai Kit and Cheung, David Wai-lok and Kao, Ben and Mamoulis, Nikos},
 title = {Secure kNN Computation on Encrypted Databases},
 booktitle = {Proceedings of the 2009 ACM SIGMOD International Conference on Management of Data},
 series = {SIGMOD '09},
 year = {2009},
 isbn = {978-1-60558-551-2},
 location = {Providence, Rhode Island, USA},
 pages = {139--152},
 numpages = {14},
} 

@ARTICLE{circular_shift_kNN, 
author={I-Ting Lien and Yu-Hsun Lin and Jyh-Ren Shieh and Ja-Ling Wu}, 
journal={Information Forensics and Security, IEEE Transactions on}, 
title={A Novel Privacy Preserving Location-Based Service Protocol With Secret Circular Shift for K-NN Search}, 
year={2013}, 
month={June}, 
volume={8}, 
number={6}, 
pages={863-873}, 
}

@article{k-anonymity,
 author = {Sweeney, Latanya},
 title = {K-anonymity: A Model for Protecting Privacy},
 journal = {Int. J. Uncertain. Fuzziness Knowl.-Based Syst.},
 issue_date = {October 2002},
 volume = {10},
 number = {5},
 month = oct,
 year = {2002},
 issn = {0218-4885},
 pages = {557--570},
 numpages = {14},
 url = {http://dx.doi.org/10.1142/S0218488502001648},
 doi = {10.1142/S0218488502001648},
 acmid = {774552},
 publisher = {World Scientific Publishing Co., Inc.},
 address = {River Edge, NJ, USA},
 keywords = {data anonymity, data fusion, data privacy, privacy, re-identification},
} 

@MISC{PIR_Origin,
    author = {Benny Chor and Oded Goldreich and Eyal Kushilevitz and Madhu Sudan},
    title = {Private Information Retrieval },
    year = {1997}
}

@article{IBM_SC,
 author = {Arnold, T. W. and Buscaglia, C. and Chan, F. and Condorelli, V. and Dayka, J. and Santiago-Fernandez, W. and Hadzic, N. and Hocker, M. D. and Jordan, M. and Morris, T. E. and Werner, K.},
 title = {IBM 4765 Cryptographic Coprocessor},
 journal = {IBM J. Res. Dev.},
 issue_date = {January 2012},
 volume = {56},
 number = {1},
 month = jan,
 year = {2012},
 issn = {0018-8646},
 pages = {109--121},
 numpages = {13},
 url = {http://dx.doi.org/10.1147/JRD.2011.2178736},
 doi = {10.1147/JRD.2011.2178736},
 acmid = {2481732},
 publisher = {IBM Corp.},
 address = {Riverton, NJ, USA},
} 


